@article{xu2021asynchronous,
  title={Asynchronous federated learning on heterogeneous devices: A survey},
  author={Xu, Chenhao and Qu, Youyang and Xiang, Yong and Gao, Longxiang},
  journal={arXiv preprint arXiv:2109.04269},
  year={2021}
}
@inproceedings{steffen2020probabilistic,
  title={Probabilistic verification of network configurations},
  author={Steffen, Samuel and Gehr, Timon and Tsankov, Petar and Vanbever, Laurent and Vechev, Martin},
  booktitle={Proceedings of the Annual conference of the ACM Special Interest Group on Data Communication on the applications, technologies, architectures, and protocols for computer communication},
  pages={750--764},
  year={2020}
}